@article{recht2019imagenet,
  title={Do ImageNet Classifiers Generalize to ImageNet?},
  author={Recht, Benjamin and Roelofs, Rebecca and Schmidt, Ludwig and Shankar, Vaishaal},
  journal={International Conference on Machine Learning},
  pages={5389--5400},
  year={2019},
  organization={PMLR}
}

@article{bouthillier2021accounting,
  title={Accounting for variance in machine learning benchmarks},
  author={Bouthillier, Xavier and Delaunay, Pierre and Bronzi, Mirko and Trofimov, Assya and Nichyporuk, Brennan and Szeto, Justin and Mohammadi Sepahvand, Nazanin and Raff, Edward and Madan, Kanika and Voleti, Vikram and others},
  journal={Proceedings of Machine Learning and Systems},
  volume={3},
  pages={747--769},
  year={2021}
}

@article{kapoor2023leakage,
  title={Leakage and the reproducibility crisis in machine-learning-based science},
  author={Kapoor, Sayash and Narayanan, Arvind},
  journal={Patterns},
  volume={4},
  number={9},
  year={2023},
  publisher={Elsevier},
  doi={10.1016/j.patter.2023.100779}
}

@article{dwork2015reusable,
  title={The reusable holdout: Preserving validity in adaptive data analysis},
  author={Dwork, Cynthia and Feldman, Vitaly and Hardt, Moritz and Pitassi, Toniann and Reingold, Omer and Roth, Aaron},
  journal={Science},
  volume={349},
  number={6248},
  pages={636--638},
  year={2015},
  publisher={American Association for the Advancement of Science},
  doi={10.1126/science.aaa9375}
}

@inproceedings{blodgett2020language,
  title={Language (technology) is power: A critical survey of "bias" in NLP},
  author={Blodgett, Su Lin and Barocas, Solon and Daum{\'e} III, Hal and Wallach, Hanna},
  booktitle={Proceedings of the 58th Annual Meeting of the Association for Computational Linguistics},
  pages={5454--5476},
  year={2020},
  doi={10.18653/v1/2020.acl-main.485}
}

@article{dehghani2021benchmark,
  title={The benchmark lottery},
  author={Dehghani, Mostafa and Tay, Yi and Gritsenko, Alexey A and Zhao, Zhe and Houlsby, Neil and Diaz, Fernando and Metzler, Donald and Vinyals, Oriol},
  journal={arXiv preprint arXiv:2107.07002},
  year={2021}
}

@inproceedings{zaharia2018mlflow,
  title={Accelerating the Machine Learning Lifecycle with MLflow},
  author={Zaharia, Matei and Chen, Andrew and Davidson, Aaron and Ghodsi, Ali and Hong, Sue Ann and Konwinski, Andy and Murching, Siddharth and Nykodym, Tomas and Ogilvie, Paul and Parkhe, Mani and others},
  booktitle={IEEE Data Engineering Bulletin},
  year={2018}
}

@misc{biewald2020wandb,
  title={Experiment tracking with Weights and Biases},
  author={Biewald, Lukas},
  year={2020},
  howpublished={\url{https://www.wandb.com/}},
  note={Software available from wandb.com}
}

@article{pineau2021improving,
  title={Improving reproducibility in machine learning research (a report from the NeurIPS 2019 reproducibility program)},
  author={Pineau, Joelle and Vincent-Lamarre, Philippe and Sinha, Koustuv and Larivi{\`e}re, Vincent and Beygelzimer, Alina and d'Alch{\'e}-Buc, Florence and Fox, Emily and Larochelle, Hugo},
  journal={Journal of Machine Learning Research},
  volume={22},
  number={164},
  pages={1--20},
  year={2021}
}

@inproceedings{bellamy2019aif360,
  title={AI Fairness 360: An extensible toolkit for detecting and mitigating algorithmic bias},
  author={Bellamy, Rachel KE and Dey, Kuntal and Hind, Michael and Hoffman, Samuel C and Houde, Stephanie and Kannan, Kalapriya and Lohia, Pranay and Martino, Jacquelyn and Mehta, Sameep and Mojsilovi{\'c}, Aleksandra and others},
  booktitle={IBM Journal of Research and Development},
  volume={63},
  number={4/5},
  pages={4--1},
  year={2019},
  organization={IBM},
  doi={10.1147/jrd.2019.2942287}
}

@inproceedings{bird2020fairlearn,
  title={Fairlearn: A toolkit for assessing and improving fairness in AI},
  author={Bird, Sarah and Dud{\'\i}k, Miro and Edgar, Richard and Horn, Brandon and Lutz, Roman and Milan, Vanessa and Sameki, Mehrnoosh and Wallach, Hanna and Walker, Kathleen},
  booktitle={Microsoft Research},
  year={2020}
}

@book{efron1994bootstrap,
  title={An introduction to the bootstrap},
  author={Efron, Bradley and Tibshirani, Robert J},
  year={1994},
  publisher={CRC press}
}

@software{sleuth_zenodo,
  author = {Zhang, Hongping},
  title = {Sleuth: Circular Bias Detection Tool},
  year = {2025},
  publisher = {Zenodo},
  version = {v1.0.0},
  doi = {10.5281/zenodo.17201032},
  url = {https://doi.org/10.5281/zenodo.17201032}
}
