@article{zhang2024circular,
  title={A Comprehensive Statistical Framework for Detecting Circular Reasoning Bias in AI Algorithm Evaluation: Theory, Implementation, and Empirical Validation},
  author={Zhang, Hongping},
  journal={Submitted to Journal of the American Statistical Association},
  year={2024}
}

@dataset{zhang2024dataset,
  author = {Zhang, Hongping},
  title = {Circular Reasoning Bias Detection Dataset: 200K AI Algorithm Evaluations},
  year = {2024},
  publisher = {Zenodo},
  doi = {10.5281/zenodo.17196639},
  url = {https://doi.org/10.5281/zenodo.17196639}
}
